@MISC{MPACDocs,
    author = {Philipp, Jahoda},
    title = {MPAndroidChart},
    url = {https://weeklycoding.com/mpandroidchart/},
    lastchecked = {16.09.2020},
    originalyear = {2020}
}
@MISC{PhyToolBox,
    author = {Vierya Software},
    title = {Physics Toolbox Accelerometer},
    url = {https://play.google.com/store/apps/details?id=com.chrystianvieyra.android.physicstoolboxaccelerometer&hl=en_US},
    lastchecked = {16.09.2020},
}
@MISC{IntentDocs,
    author = {N/A},
    title = {Android Developer Intent Class Documentation},
    url = {https://developer.android.com/reference/android/content/Intent},
    lastchecked = {16.09.2020},
}
@MISC{Vogella,
    author = {Lars Vogel},
    title = {Android Sensor Tutorial},
    url = {https://www.vogella.com/tutorials/AndroidSensor/article.html},
    lastchecked = {16.09.2020},
    originalyear = {2020},
}
@MISC{exportTut,
    author = {techtribeyt},
    title = {Exporting CSV in Android - Android Studio Programming Tutorial},
    url = {https://github.com/techtribeyt/androidcsv/tree/master},
    lastchecked = {16.09.2020},
    originalyear = {11.06.2020},
}
